% Encoding: UTF-8

@book{pelanek2014hlavolamikon,
  author = {Radek Pelánek},
  title = {Hlavolamikon: Sbírka hlavolamů, hádanek, šifer a logických úloh},
  year = {2014},
  publisher = {Computer Press},
  address = {Brno},
  isbn = {978-80-251-4303-2}
}

@Online{Sudoku.com2025,
  author  = {{Sudoku.com}},
  date    = {2025},
  title   = {The History of Sudoku},
  url     = {https://sudoku.com/how-to-play/the-history-of-sudoku/},
  urldate = {2025-07-25},
}

@Online{sudoku-puzzles.net,
  date    = {2025},
  title   = {Sudoku-Puzzles},
  url     = {https://sudoku-puzzles.net/all-puzzle-types/},
  urldate = {2025-07-27},
}

@Misc{McGuire2013,
  author      = {Gary McGuire and Bastian Tugemann and Gilles Civario},
  date        = {2013},
  title       = {There is no 16-Clue Sudoku: Solving the Sudoku Minimum Number of Clues Problem},
  eprint      = {1201.0749},
  eprintclass = {cs.DS},
  eprinttype  = {arXiv},
  url         = {https://arxiv.org/abs/1201.0749},
}

@Article{Yato2003,
  author       = {Takayuki Yato and Takahiro Seta},
  date         = {2003},
  journaltitle = {IEICE Transactions on Fundamentals of Electronics, Communications and Computer Sciences},
  title        = {Complexity and completeness of finding another solution and its application to puzzles},
  number       = {5},
  pages        = {1052--1060},
  volume       = {E86-A},
}

@Misc{Felgenhauer2005,
  author       = {Bertram Felgenhauer and Frazer Jarvis},
  date         = {2005},
  title        = {Enumerating possible Sudoku grids},
  howpublished = {Online, archived from original},
  note         = {TU Dresden and University of Sheffield. Archived version from Wayback Machine},
  url          = {https://web.archive.org/web/20060209020009/http://www.afjarvis.staff.shef.ac.uk/sudoku/sudoku.pdf},
  urldate      = {2025-07-25},
}

@Misc{CrossA2025,
  author = {Cross+A},
  date   = {2025},
  title  = {Sudoku - Cross+A},
  url    = {https://www.cross-plus-a.com/sudoku.htm},
}

@Comment{jabref-meta: databaseType:biblatex;}
